@manual{V703,
  author = {TU Dortmund},
  title = {V703 - Geiger-Müller-Zählrohr},
  year = 2019
}
